@String{tpami = "TPAMI"}
@String{tacl = "TACL"}
@String{ijcv = "IJCV"}
@String{cvpr = "CVPR"}
@String{nips = "NIPS"}
@String{eccv = "ECCV"}
@String{bmvc = "BMVC"}
@String{iccv = "ICCV"}
@String{iccvw = "ICCV Workshops"}
@String{eccvw = "ECCV Workshops"}
@String{ijcnlp = "IJCNLP"}
@String{ijcai = "IJCAI"}
@String{lrec = "LREC"}
@String{icra = "ICRA"}
@String{icml = "ICML"}
@String{jmlr = "JMLR"} 
@String{sice = "SICE"}
@String{acl = "ACL"}
@String{naacl = "NAACL"}
@String{eacl = "EACL"}
@String{emnlp = "EMNLP"}
@String{iros = "IROS"}
@String{aaai = "AAAI"}
@String{CoNLL = "CoNLL"}
@String{gcpr = "GCPR"}
@String{coling = "COLING"}