@String{tpami = "IEEE Transactions on Pattern Analysis and Machine Intelligence (TPAMI)"}
@String{ijcv = "International Journal of Computer Vision (IJCV)"}
@String{tacl = "Transactions of the Association for Computational Linguistics (TACL)"}
@String{cvprw = "Proceedings of the IEEE Conference on Computer Vision and Pattern Recognition Workshops (CVPR Workshops)"}
@String{cvpr = "Proceedings of the IEEE Conference on Computer Vision and Pattern Recognition (CVPR)"}
@String{nips = "Advances in Neural Information Processing Systems (NIPS)"}
@String{eccv = "Proceedings of the European Conference on Computer Vision (ECCV)"}
@String{eccvw = "Proceedings of the European Conference on Computer Vision Workshops (ECCV Workshops)"}
@String{bmvc = "Proceedings of the British Machine Vision Conference (BMVC)"}
@String{iccv = "Proceedings of the IEEE International Conference on Computer Vision (ICCV)"}
@String{iccvw = "Proceedings of the IEEE International Conference on Computer Vision Workshops (ICCV Workshops)"}
@String{ijcnlp = "Proceedings of the International Joint Conference on Natural Language Processing (IJCNLP)"}
@String{ijcai = "Proceedings of the International Joint Conference on Artificial Intelligence (IJCAI)"}
@String{lrec = "Proceedings of the International Conference on Language Resources and Evaluation (LREC)"}
@String{icra = "Proceedings of the IEEE International Conference on Robotics and Automation (ICRA)"}
@String{icml = "Proceedings of the International Conference on Machine Learning (ICML)"}
@String{jmlr = "Journal of Machine Learning Research (JMLR)"} 
@String{sice = "Proceedings of the International conference on Instrumentation, Control, Information Technology and System Integration"}
@String{acl = "Proceedings of the Annual Meeting of the Association for Computational Linguistics (ACL)"}
@String{naacl = "Proceedings of the Conference of the North American Chapter of the Association for Computational Linguistics (NAACL)"}
@String{eacl = "Proceedings of the Conference of the European Chapter of the Association for Computational Linguistics (EACL)"}
@String{emnlp = "Proceedings of the Conference on Empirical Methods in Natural Language Processing (EMNLP)"}
@String{iros = "International Conference on Intelligent Robots and Systems"}
@String{aaai = "Proceedings of the Conference on Artificial Intelligence (AAAI)"}
@String{CoNLL = "Proceedings of the Fifteenth Conference on Computational Natural Language Learning (CoNLL)"}
@String{uai = "Proceedings of the conference on Uncertainty in Artificial Intelligence (UAI)"}
@String{www = "Proceedings of the  International World Wide Web Conference (WWW)"}
@String{sigkkd = "Proceedings of the ACM SIGKDD international conference on Knowledge discovery and data mining"}
@String{lrec = "Proceedings of the International Conference on Language Resources and Evaluation (LREC)"}
@String{gcpr = "Proceedings of the German Confeence on Pattern Recognition (GCPR)"}
@String{civr = "Proceedings of the ACM international conference on Image and video retrieval (CIVR)"}
@String{mm = "Proceedings of the ACM international conference on Multimedia (MM)"}
@String{coling = "Proceedings of the International Conference on Computational Linguistics (COLING)"}